@article{romani2010continuous,
	title={Continuous attractors with morphed/correlated maps},
	author={Romani, Sandro and Tsodyks, Misha},
	journal={PLoS computational biology},
	volume={6},
	number={8},
	pages={e1000869},
	year={2010},
	publisher={Public Library of Science}
}

@online{CANN,
	title = {Continuous attractor network, Scholarpedia},
	url = {http://www.scholarpedia.org/article/Continuous_attractor_network}
}

@article{trappenberg2003continuous,
	title={Continuous attractor neural networks},
	author={Trappenberg, Thomas},
	journal={Recent developments in biologically inspired computing},
	pages={398--425},
	year={2003}
}